<record><leader>00000cas a2200000 a 4500</leader><controlfield tag="001">12264787</controlfield><controlfield tag="008">850715d1873187umiuwr ne      0    0eng c</controlfield><datafield ind1=" " ind2=" " tag="010"><subfield code="a">sn 85033780 </subfield></datafield><datafield ind1=" " ind2=" " tag="040"><subfield code="a">NPU</subfield><subfield code="b">eng</subfield><subfield code="c">NPU</subfield><subfield code="d">NPX</subfield><subfield code="d">MGN</subfield><subfield code="d">MHN</subfield><subfield code="d">OCL</subfield><subfield code="d">MHN</subfield><subfield code="d">OCLCQ</subfield><subfield code="d">OCLCF</subfield></datafield><datafield ind1="1" ind2=" " tag="029"><subfield code="a">AU@</subfield><subfield code="b">000020383502</subfield></datafield><datafield ind1=" " ind2=" " tag="042"><subfield code="a">pcc</subfield></datafield><datafield ind1=" " ind2=" " tag="043"><subfield code="a">n-us-mi</subfield></datafield><datafield ind1="0" ind2="4" tag="245"><subfield code="a">The Paw Paw courier.</subfield></datafield><datafield ind1=" " ind2=" " tag="260"><subfield code="a">Paw Paw, Mich. :</subfield><subfield code="b">Matthews &amp; Landphere</subfield></datafield><datafield ind1=" " ind2=" " tag="300"><subfield code="a">v. ;</subfield><subfield code="c">61 cm.</subfield></datafield><datafield ind1=" " ind2=" " tag="310"><subfield code="a">Weekly</subfield></datafield><datafield ind1="1" ind2=" " tag="362"><subfield code="a">Began Jan. 1, 1873. Cf. Hist. of the press of Mich., 1876.</subfield></datafield><datafield ind1=" " ind2=" " tag="500"><subfield code="a">Editors: Ervin A. Landphere, G.W. Matthews, &lt;1873&gt;; Ervin A. Landphere, &lt;1876&gt;.</subfield></datafield><datafield ind1=" " ind2=" " tag="500"><subfield code="a">Publishers: Matthews &amp; Landphere, &lt;1873&gt;; Ervin A. Landphere, &lt;1876&gt;.</subfield></datafield><datafield ind1=" " ind2=" " tag="500"><subfield code="a">Republican, &lt;1876&gt;.</subfield></datafield><datafield ind1=" " ind2=" " tag="588"><subfield code="a">Description based on: Vol. 1, no. 23 (Jun. 7, 1873).</subfield></datafield><datafield ind1=" " ind2="0" tag="651"><subfield code="a">Paw Paw (Mich.)</subfield><subfield code="v">Newspapers.</subfield></datafield><datafield ind1=" " ind2="0" tag="651"><subfield code="a">Van Buren County (Mich.)</subfield><subfield code="v">Newspapers.</subfield></datafield><datafield ind1=" " ind2="7" tag="655"><subfield code="a">Newspapers.</subfield><subfield code="2">fast</subfield><subfield code="0">(OCoLC)fst01423814</subfield></datafield><datafield ind1=" " ind2="7" tag="651"><subfield code="a">Michigan</subfield><subfield code="z">Paw Paw.</subfield><subfield code="2">fast</subfield><subfield code="0">(OCoLC)fst01210936</subfield></datafield><datafield ind1=" " ind2="7" tag="651"><subfield code="a">Michigan</subfield><subfield code="z">Van Buren County.</subfield><subfield code="2">fast</subfield><subfield code="0">(OCoLC)fst01213240</subfield></datafield><datafield ind1=" " ind2=" " tag="752"><subfield code="a">United States</subfield><subfield code="b">Michigan</subfield><subfield code="c">Van Buren</subfield><subfield code="d">Paw Paw.</subfield></datafield><datafield ind1="0" ind2="7" tag="785"><subfield code="t">Paw Paw free press (Paw Paw, Mich.)</subfield><subfield code="w">(DLC)sn2006060005</subfield><subfield code="w">(OCoLC)71201107</subfield></datafield><datafield ind1="0" ind2="7" tag="785"><subfield code="t">Paw Paw free press and courier</subfield><subfield code="w">(DLC)sn 96077401</subfield><subfield code="w">(OCoLC)36134199</subfield></datafield></record>